
\@misc{runes,
author = {},
title = "{RUNES (Reconfigurable Ubiquitous Networked Embedded Systems) IST Project}",
howpublished = {http://www.ist-runes.org},
publisher = {University College London},
year = {2004-2006}}

\@article{birds,
author = {Jean Kumagai},
title = {The Secret Life of Birds},
journal = "{IEEE Spectrum}",
month = {April},
year = {2004},
volume = {41},
number = {4},
pages = {42-48},
note = {This is the article that originally picqued my interest in WSN, and inspired me to pursue thesis research in this area}}

\@article{Smith,
author = {W.~Smith and H.~Johnson},
title = {A title of an article},
journal = {Journal of Applied Stuff},
volume = {17},
year = {1978}, 
pages = {735-744}}

\@book{Doe,
author = {J.~Doe},
title = {A Book About Nothing},
publisher = {John Wiley and Sons},
address = {New York},
year = {1973}}

\@conference{Doe2,
author = {J.~Doe and W.~Smith},
title = {A conference paper}, 
booktitle =  {IEEE Conference on Nothing},
year = {1988},
pages = {375-380}}	

