%%
%% WinShell 3.3.1.5
%% http://www.winshell.org/
%%

% Strings


% Preamble


% BibTeX Entries
@inproceedings{APS,
 address              = {San Antonio, Texas},
 author               = {Dragos Nicelescu and Badri Nath},
 booktitle            = {Global Telecommunications Conference (GLOBECOM 2001)},
 month                = {November},
 pages                = {2926-2931},
 title                = {Ad Hoc Positioning System (APS)},
 volume               = {5},
 year                 = {2001},
 }

@inproceedings{APS-AOA,
 address              = {San Francisco, California},
 author               = {Dragos Nicelescu and Badri Nath},
 booktitle            = {Twenty-Second Annual Joint Conference of the IEEE Computer and Communications (INFOCOM 2003)},
 month                = {April},
 pages                = {1734-1743},
 title                = {{Ad hoc positioning system (APS) using AOA}},
 volume               = {3},
 year                 = {2003},
 }

@article{birds,
 author               = {Jean Kumagai},
 journal              = {{IEEE Spectrum}},
 month                = {April},
 note                 = {This is the article that originally piqued my interest in WSN, and inspired me to pursue thesis research in this area},
 number               = {4},
 pages                = {42-48},
 title                = {The Secret Life of Birds},
 volume               = {41},
 year                 = {2004},
 }

@article{CCA,
 author               = {Demartines, P. and Herault, J.},
 issn                 = {1045-9227},
 journal              = {Neural Networks, IEEE Transactions on},
 month                = {jan},
 number               = {1},
 pages                = {148 -154},
 title                = {Curvilinear component analysis: a self-organizing neural network for nonlinear mapping of data sets},
 volume               = {8},
 year                 = {1997},
 }

@inproceedings{CCA-MAP07,
 address              = {Rome, Italy},
 author               = {Li Li and Thomas Kunz},
 booktitle            = {Proceedings of the 1st international conference on Autonomic computing and communication systems (Autonomics 2007)},
 title                = {Localization applying an efficient neural network mapping},
 volume               = {302},
 year                 = {2007},
 }

@article{CCA-MAP09,
 author               = {Li Li and Thomas Kunz},
 journal              = {ACM Transactions on Sensor Networks (TOSN)},
 month                = {February},
 number               = {1},
 title                = {Cooperative node localization using nonlinear data projection},
 volume               = {5},
 year                 = {2009},
 }

@article{MDS-MAP,
 author               = {Yi Shang and Wheeler Ruml and Ying Zhang and Markus Fromherz},
 journal              = {IEEE Transactions on Paralell and Distributed Systems},
 month                = {November},
 number               = {11},
 title                = {Localization from Connectivity in Sensor Networks},
 volume               = {15},
 year                 = {2004},
 }

@inproceedings{MDS-MAP-P,
 address              = {Hong Kong},
 author               = {Yi Shang and Wheeler Ruml and Ying Zhang},
 booktitle            = {Proceedings of 23rd Conference of the IEEE Communications Society (INFOCOM 2004)},
 pages                = {2640--2651},
 title                = {Improved MDS-based localization},
 year                 = {2004},
 }

@article{Patwari,
 author               = {N.~Patwari and A.O.~Hero and M.~Perkins and N.S.~Correal and R.J.~O'Dea},
 journal              = {IEEE Transactions on Signal Processing},
 number               = {8},
 pages                = {2137-2148},
 title                = {Relative location estimation in wireless sensor networks},
 volume               = {51},
 year                 = {2003},
 }

@misc{runes,
 howpublished         = {http://www.ist-runes.org},
 publisher            = {University College London},
 title                = {{RUNES (Reconfigurable Ubiquitous Networked Embedded Systems) IST Project}},
 year                 = {2004-2006},
 }

@inproceedings{Savvides,
 address              = {Rome, Italy},
 author               = {A.~Savvides and C.C.~Han and M.B.~Strivastava},
 booktitle            = {Proceedings of the 7th Annual International Conference on Mobile Computing and Networking (MobiCom'01},
 month                = {July},
 pages                = {166-169},
 title                = {Dynamic finegrained localization in ad-hoc networks of sensors},
 year                 = {2001},
 }

@book{Wellenhoff,
 address              = {Berlin, Germany},
 author               = {B.H.~Wellenhoff and H.~Lictenegger and J.~Collins},
 edition              = {4th},
 publisher            = {Springer},
 title                = {Global Positioning System: Theory and Practice},
 year                 = {1997},
 }
